%% This BibTeX bibliography file was created using BibDesk.
%% http://bibdesk.sourceforge.net/

%% Created for Thierry BM at 2016-12-15 17:25:13 -0500 


%% Saved with string encoding Unicode (UTF-8) 



@book{brigo,
	Author = {Brigo, Damiano and Mercurio, Fabio},
	Date-Added = {2016-12-15 22:20:50 +0000},
	Date-Modified = {2016-12-15 22:25:11 +0000},
	Publisher = {Springer Science \& Business Media},
	Title = {Interest rate models-theory and practice: with smile, inflation and credit},
	Year = {2007}}

@article{diebold,
	Author = {Diebold, Francis X and Li, Canlin},
	Date-Added = {2016-12-15 22:15:29 +0000},
	Date-Modified = {2016-12-15 22:21:04 +0000},
	Journal = {Journal of econometrics},
	Number = {2},
	Pages = {337--364},
	Publisher = {Elsevier},
	Title = {Forecasting the term structure of government bond yields},
	Volume = {130},
	Year = {2006}}
